@inproceedings{bimodalEmotionRecognition,
author="Liyanage, {DeSilva} AND Pei Chi, Ng",
title={Bimodal Emotion Recognition},
booktitle={Fourth IEEE International Conference on Automatic Face and Gesture Recognition},
organization={National University of Singapore},
year={2000},
month={mars}
}
@article{automaticFacialExpressionAnalysis,
author="B., Fasel AND Juergen, Luettin",
title={Automatic facial expression analysis: a survey},
journal={Pattern Recognition},
year={2003},
volume={36}
}
@inproceedings{drivingEmotionalExperienceAutomotiveDesign,
author="Rafael, Gomez AND Vesna, Popovic AND Sam, Bucolo",
title={Driving: the emotional experience and automotive design},
booktitle={Fourth international conference on design and emotion},
organization={Middle East Technical University, Ankara},
year={2004},
month={juillet}
}
@article{universalityCulturalSpecificityEmotionRecognitionMetaAnalysis,
author={Hillary Anger, Elfenbein AND Nalini, Ambady},
title={On the universality and cultural specificity of emotion recognition: a meta-analysis},
journal={Psychological Bulletin},
year={2002},
volume={128},
number={2},
pages={203-235}
}
@article{abnormalRecognitionFacialExpression,
author={Elena, Mikhailova AND Tatjana, Vladimirova AND Andre, Iznak AND Emily, Tsusulkovskaya AND Nataly, Sushko},
title={Abnormal recognition of facial expression of emotions in depressed patients with major depression disorder and schizotypal personality disorder},
journal={Biol Psychiatry},
year={1996},
volume={40},
pages={697-705}
}
@article{authenticFacialExpressionAnalysis,
author={N., Sebe AND M.S., Lew AND Y. Sun AND I., Cohen AND T., Gevers AND T.s., Huang},
title={Authentic facial expression analysis},
journal={Image and Vision Computing},
year={2007},
volume={25},
pages={1856-1863}
}
@article{emotionRecognitionNeurofuzzyNetwork,
author="Spiros, Ioannou AND Amaryllis, Raouzaiou AND Vasilis, Tzouvaras AND Theofilos, Mailis AND Kostas, Karpouzis AND Stefanos, Kollias",
title={Emotion recognition through facial expression analysis based on a neurofuzzy network},
journal={Neural Networks},
year={2005},
volume={18},
pages={423-435}
}
@inproceedings{emotionRecognitionCauchyNaiveBayes,
author={Nicu, Sebe AND Michael, Lew AND Ira, Cohen AND Ashutosh, Garg AND Thomas, Huang},
title={Emotion recognition using a Cauchy Naive Bayes classifier},
booktitle={Sixteenth international conference on pattern recognition},
year={2002},
volume={1},
pages={17-20}
}
@inproceedings{facialEmotionrecognitionUsingMultiModalInformation,
author="Liyanage, {De Silva} AND Tsutomu, Miyasato AND Ryohei, Nakatsu",
title={Facial emotion recognition using multi-modal information},
booktitle={International conference on information, communications and signal processing},
year={1997},
month={Septembre}
}
@inproceedings{realisticFacialExpressionSynthesisImageBasedTalkingHead,
author={Kang, Liu AND Joern, Ostermann},
title={Realistic facial expression synthesis for an image-based talking head},
booktitle={IEEE international conference on multimedia and expo},
year={2011},
month={Juillet}
}
@article{facialExpressionMegamix,
author={Andrew, Young AND Duncan, Rowland AND Andrew, Calder AND Nancy, Etcoff AND Anil, Seth AND David, Perrett},
title={Facial expression megamix: Tests of dimensional and category accounts of emotion recognition},
journal={Cognition},
year={1997},
volume={63},
pages={271-313}
}
@article{facialExpressionRecognitionFromVideoSequences,
author={Ira, Cohen AND Nicu, Sebe AND Ashutosh, Garg AND Lawrence, Chen AND Thomas, Huang},
title={Facial expression recognition from video sequences: temporal and static modeling},
journal={Computer Vision and Image Understanding},
year={2003},
volume={91},
pages={160-187}
}
@article{facialExpressionRecognitionLocalBinaryPatterns,
author={Caifeng, Shan AND Shaogang, Gong AND Peter, McOwan},
title={Facial expression recognition based on Local Binary Patterns: a comprehensive study},
journal={Image and Visin Computing},
year={2009},
volume={27},
pages={803-816}
}
@techreport{analyseInterpretationMouvementsHumains,
author="Alice, {Pascal Caplier}",
title={Big Brother is watching but helping you~: analyse et interpr\'etation de mouvements humains},
institution={Institut National Polytechnique de Grenoble},
year={2005}
}
@inproceedings{affectiveIntelligentCarInterfacesEmotionRecognition,
author={Chistine, Lisetti AND Fatma, Nasoz},
title={Affective intelligent car interfaces with emotion recognition},
booktitle={Proceedings of 11th International Conference on Human Computer Interaction},
year={2005},
month={Juillet}
}
@inproceedings{improvingAutomotiveSafetyByPairingDriverEmotionAndCarVoiceEmotion,
author={Clifford, Nass AND Ing-Marie, Jonsson AND Helen, Harris AND Ben, Reaves AND Jack, Endo AND Scott, Brave AND Leila, Takayama},
title={Improing automotive safety by pairing driver emotion and car voice emotion},
booktitle={CHI 2005 : Late Breaking Results: Short papers},
year={2005},
month={Avril}
}
@incollection{realTimeFacialFeaturePointsTrackingPyramidalLucasKanadeAlgorithm,
editor={Daisuke, Chugo},
author={F., Abdat AND C., Maaoui AND A., Pruski},
title={Real time facial feature points tracking with pyramidal Lucas-Kanade algorithm},
chapter={13},
booktitle={Human-Robot Interaction},
publisher={InTech},
year={2010},
month={F\'evrier}
}
@inproceedings{reconnaissanceExpressionsFacialesMemoireAssociativeBidirectionnelleFonctionSortieChaotique,
author={Karmia, Tabari AND Mounir, Boukadoum AND Sylvain, Chartier AND Hakim, Lounis},
title={Reconnaissance d'expressions faciales \`a l'aide d'une m\'emoire associative bidirectionnelle \`a fonction de sortie chaotique},
booktitle={Maghrébian Conference on Software Engineering and Artificial Intelligence},
year={2006},
month={d\'ecembre}
}
@article{emotionRecognitionInHumanComputerInteraction,
author={R., Cowie AND E., Douglas-Cowie AND N., Tsapatsoulis AND G., Votsis AND S., Kollias AND W., Fellenz AND J.G., Taylor},
title={Emotion Recognition in human-computer interaction},
journal={Signal processing magazine},
year={2001},
month={Janvier},
volume={18},
pages={32-80}
}
@article{eigenfaceRecognition,
author={Matthew, Turk AND Alex, Pentland},
title={Eigenfaces for recognition},
journal={Journal of cognitive neuroscience},
year={1991},
volume={3},
pages={71-86}
}
@article{faceRecognitionLocalBinaryPatternsSpatialPyramidHistogramsNaiveBayes,
author = {Daniel, Maturana AND Domingo, Mery AND \'Alvaro, Soto},
title = {Face Recognition with Local Binary Patterns, Spatial Pyramid Histograms and Naive Bayes Nearest Neighbor Classification},
journal ={2011 30th International Conference of the Chilean Computer Science Society},
volume = {0},
issn = {1522-4902},
year = {2009},
pages = {125-132},
doi = {http://doi.ieeecomputersociety.org/10.1109/SCCC.2009.21},
publisher = {IEEE Computer Society},
address = {Los Alamitos, CA, USA},
}
@inproceedings{photorealisticExpressiveTextTalkingHeadSynthesis,
author={Vincent, Wan AND Robert, Anderson AND Art, Blokland AND Norbert, Braunschweiler AND Langzhou, Chen AND BalaKrishna, Kolluru AND Javier, Latorre AND Ranniery, Maia AND Bj\"orn, Stenger AND Kayoko, Yanagisawa AND Yannis, Stylianou AND Masami, Akamine AND Mark, Gales AND Roberto, Cipolla},
title={Photo-realistic expressive text to talking head synthesis},
booktitle={Interspeech},
year={2013},
month={ao\^ut}
}
@booklet{essentielSecuriteRoutiere,
title={L'essentiel de la s\'ecurit\'e routi\`ere},
author={D\'el\'egation \`a la s\'ecurit\'e et \`a la circulation routi\`ere - minist\`ere de l'int\'erieur}
}
@phdthesis{analyseQuantificationComportementsConducteursAutomobilesPreCrash,
author={Micka\"el, Hetier},
title={Analyse et quantification des compoertements des conducteurs automobiles lors des phases de pr\'e-crash~: contribution au d\'eveloppement d'un mod\`ele de d\'etection des postures de conduite en temps r\'eel},
school={Universit\'e de Valenciennes et du Hainault-Cambr\'esis},
year={2008}
}
@article{linuxMagazine,
author="Fr\'ed\'eric, {Le Roy}",
title={Reconnaissance faciale facile avec openCV et python},
journal={Linux magazine},
year={2013},
month={D\'ecembre},
volume={166}
}
@misc{docOpenCVFisherFace,
author={OpenCV dev team},
title={Face recognition with Fisherface},
year={2009},
note={\url{http://docs.opencv.org/modules/contrib/doc/facerec/facerec_tutorial.html#fisherfaces}, consult\'e durant F\'evrier et Mars 2014}
}
@misc{docOpenCVFaceRecognizer,
author={OpenCV dev team},
title={FaceRecognizer},
year={2009},
note={\url{http://docs.opencv.org/modules/contrib/doc/facerec/facerec_api.html}, consult\'e durant F\'evrier et Mars 2014}
}
@incollection{ekman,
editor={T., Dalgleish AND M., Power},
author={Paul, Ekman},
title={Basic emotions},
chapter={3},
booktitle={Handbook on cognition and emotion},
publisher={John Wiley \& Sons Ltd},
year={1999}
}
@misc{alpsElectric,
author={Martyn, Williams},
title={Ceatec~: la voiture de demain diagnostiquera le conducteur},
month={1 Octobre},
year={2013},
note={\url{http://www.lemondeinformatique.fr/actualites/lire-ceatec-la-voiture-de-demain-diagnostiquera-le-conducteur-55202.html}, consult\'e le 3 F\'evrier 2014}
}
@misc{gentside,
author={S\'ebastien, Courtin},
title={Un syst\`eme de reconnaissance faciale d\'etecte la somnolence au volant},
month={7 D\'ecembre},
year={2011},
note={\url{http://www.gentside.com/denso/un-systeme-de-reconnaissance-faciale-detecte-la-somnolence-au-volant_art31705.html}, consult\'e le 4 F\'evrier 2014}
}
@misc{gnt,
author={Mathieu, Mercky},
title={Toyota FV2 concept~: une voiture capable de lire les \'emotions du conducteur},
month={6 Novembre},
year={2013},
note={\url{http://www.generation-nt.com/toyota-fv2-concept-voiture-capable-lire-emotions-conducteur-actualite-1810542.html}, consult\'e le 3 F\'evrier 2014}
}
@misc{keyLemon,
author={M\'elanie, Haab},
title={KeyLemon entre dans votre voiture},
month={8 Novembre},
year={2013},
note={\url{http://www.ictjournal.ch/fr-CH/News/2013/11/08/KeyLemon-entre-dans-votre-voiture.aspx}, consult\'e le 3 F\'evrier 2014}
}
@techreport{accidentalite2012,
author={Observatoire Interminist\'eriel de la S\'ecurit\'e Routi\'ere},
title={La s\'ecurit\'e routi\'ere en France - Bilan de l'accidentalit\'e de l'ann\'e 2012},
institution={Minist\'ere de l'int\'erieur},
year={2013},
pages={12-13}
}
@misc{conseilNationalSecuRoutiere,
author={lefigaro.fr},
title={\'A quoi sert le Conseil national de la s\'ecurit\'e routi\`ere~?},
month={8 F\'evrier},
year={2013},
note={\url{http://www.lefigaro.fr/assurance/2013/02/07/05005-20130207ARTFIG00481--quoi-sert-le-conseil-national-de-la-securite-routiere.php}, consult\'e le 3 F\'evrier 2014}
}
@techreport{secuRoutiere2011,
author={Observatoire Interminist\'eriel de la S\'ecurit\'e Routi\'ere},
title={La s\'ecurit\'e routi\`ere en France (Bilan de l'ann\'ee 2011)},
institution={Minist\'ere de l'int\'erieur},
month={D\'ecembre},
year={2012}
}
@misc{cdc,
author={Centers for Disease Control and Prevention},
title={Distracted Driving},
month={28 Janvier},
year={2014},
note={\url{www.cdc.gov/Motorvehiclesafety/Distracted_Driving/index.html}, consult\'e le 17 F\'evrier 2014}
}
@misc{govDistractedDriving,
author={Official US Government website for distracted driving},
title={What is distracted driving?},
year={Non dat\'e},
note={\url{www.distraction.gov/content/get-the-facts/facts-and-statistics.html}, consult\'e le 17 F\'evrier 2014}
}
@misc{ekmangroup,
author={The Paul Ekman Group},
title={Paul Ekman},
year={2014},
note={\url{http://www.paulekman.com/paul-ekman/}, consult\'e le 4 Mars 2014}
}
@misc{ouestFrance,
author={Ouest-France},
title={Enqu\^ete. Pr\`es d\'un conducteur sur dix s'est d\'ej\`a endormi au volant},
month={Mars},
year={2014},
note={\url{http://www.ouest-france.fr/enquete-pres-dun-conducteur-sur-dix-sest-deja-endormi-au-volant-2040563}, consult\'e le 25 Mars 2014}
}